@Article{Pablo,
  title =    {Scripting smart contracts
                  for distributed ledger technology},  
  author =      "Pablo Lamela Seijas, Simon Thompson, Darryl McAdams",
  volume =        "30",
  year =         "2016",
   month =        "12"
 },

@Article{Matteo,
	title =        "{Scripting smart contracts
	for distributed ledger technology}",  
	author =  "Pablo Lamela Seijas, Simon Thompson, Darryl McAdams",
	volume =  "30",
	year =  "2016",
	month =  "12"
	
},
 
 @article{Ozsu,
 	title = {Principles of Distributed Database Systems},  
 	author = {Tamer Ozsu and Patrick Valduriez},
 	DOI = {10.1007/978-1-4419-8834-8},
 	year = {1999}
 },
@mastherthesis{Markos,
	author  = {Kalimeris Markos},  
	title   = {Indexes for Blockchain Data},
	pages = 102,
	year   = 2012,
	month  = 2
}
@book{Ilya,
	author = {Ilya Grishchenko, Matteo Maffei, and Clara Schneidewind},
	title = {A Semantic Framework for the Security Analysis of Ethereum smart contracts},
	booktitle = {Principles of Security and Trust},  
	email = {filya.grishchenko,matteo.maffei,clara.schneidewindg@tuwien.ac.at},
	pages = {243-269},
	year = {2018},
	month = 4
}, 

@review{Christidis,
	author={Konstantinos Christidis, Michael Devetsikiotis},
	title = {Blockchains and Smart Contracts for
	the Internet of Things},
	journal = {SPECIAL SECTION ON THE PLETHORA OF RESEARCH IN INTERNET OF THINGS (IoT)},
	volume = {12},
	year = {2016},
    month = {3} 
},

@article{Valentina,
	author  = {Valentina Gatteschi, Fabrizio Lamberti, Claudio Demartini, Chiara Pranteda and Victor Santamaria}, 
	title   = {Blockchain and Smart Contracts for Insurance: Is the
	Technology Mature Enough?},
	journal = {The name of the journal},
	year    = 2018, 
	volume  = 16 ,
	month   = 12
},

@article{Ruta,
	author  = {Michele Ruta, Floriano Scioscia, Saverio Ieva,
	Giovanna Capurso, Agnese Pinto, and Eugenio Di Sciascio}, 
	title   = {A Blockchain Infrastructure for the Semantic
	Web of Things},
	url = {"http://ceur-ws.org/Vol-2161/paper6.pdf"} 
	volume  = 12,
	month = 1,
	year = 2018 
},

@article{Hex,
	author  = {Lin William Congy, Zhiguo Hex}, 
	title   = {Blockchain Disruption and Smart Contracts},
	url = {"http://ceur-ws.org/Vol-2161/paper6.pdf"} 
	volume  = 12,
	month = 2,
	year = 2018
},

@article{Vitalik,
	author  = {Vitalik Buterin}, 
	title   = {A Next generation smart contract and decentralized application platform},
	url = {"http://ceur-ws.org/Vol-2161/paper6.pdf"} 
	volume  = 36,
	url =  {"http://blockchainlab.com/pdf/Ethereum_white_paper-a_next_generation_smart_contract_and_decentralized_application_platform-vitalik-buterin.pdf"}, 
	month = 2,
	year = 2018
},

@article{Egbertsen,
	author  = {Wesley Egbertsen, Gerdinand Hardeman, Maarten van den Hoven, Gert van der Kolk and Arthur van Rijsewijk}, 
	title   = {Replacing Paper Contracts With Ethereum
	Smart Contracts},
	url =  {https://allquantor.at/blockchainbib/pdf/egbertsen2016replacing.pdf}, 
	volume = 35, 
	month = 12,
	year = 2016
},

@article{Hector,
	author  = {Hector Ugarte }, 
	title   = {A more pragmatic Web 3.0: Linked Blockchain Data},
	url = {https://semanticblocks.files.wordpress.com/2017/03/linked_blockchain_paper_final.pdf}, 
	DOI= {10.13140/RG.2.2.10304.12807/1}
	volume = 15, 
	month = 1,
	year = 2017
},

@article{Kalra,
	author  = {Sukrit Kalra, Seep Goel, Mohan Dhawan, Subodh Sharma},  
	title   = {ZEUS: Analyzing Safety of Smart Contracts},
	url = {http://dx.doi.org/10.14722/ndss.2018.23082}, 
	volume = 15, 
	month = 2,
	year = 2018
},


@article{Gavin,
	author  = {DR. Gavin Wood},  
	title   = {ETHEREUM: A Secure decentralized Generalized Transaction Ledger},
	email = {Gavin@ethcore.io},
	pages = 32, 
	year = 2012
},

@review{Panarello,
	author  = {Alfonso Panarello, Nachiket Tapas, Giovanni Merlino, Francesco Longo and Antonio Puliafito},  
	title   = {Blockchain and IoT Integration: A Systematic Survey},
	url = {https://arxiv.org/pdf/1906.00245}, 
	volume = 37, 
	month = 8,
	year = 2018
},


@article{Bachler,
	author  = {Allan Third, Kevin Quick, Michelle Bachler, John Domingue},  
	title   = {Benchmarking LinkChains: Performance of
	Blockchain-backed Trustworthy Linked Data},
	url = {https://pdfs.semanticscholar.org/ffae/f7f3604fb4e97a39b9032928b47fa422099c.pdf}, 
	volume = 12 

},
@article{Grishchenko,
	author  = {Ilya Grishchenko, Matteo Maffei, and Clara Schneidewind},  
	title   = {Foundations and Tools for the Static Analysis
	of Ethereum smart contracts},
	url = { https://www.netidee.at/sites/default/files/2018-07/cav2018.pdf}, 
	volume = 25,
	year   = 2018 	
},
@article{Rashid,
 	author  = {Umar Rashid, Allan Third, John Domingue},  
 	title   = {Web Service for Semantic Negotiation of Smart Contracts},
 	url = {  https://openreview.net/forum?id=BJg2gCu1e7}, 
 	volume = 6,
 	year   = 2018,
 	month = 1 	
 },

@conference{Sopek,
	author       = {Mirek Sopek, Przemyslaw Gradzki, Witold Kosowski , Dominik Kozuski, Rafa Troczak, Robert Trypuz}, 
	title        = {
	WWW 18 Companion Proceedings of the The Web Conference 2018},
	
	booktitle    = {GraphChain – A Distributed Database with Explicit Semantics and Chained RDF Graphs},
	year         = 2018,
	volume       = 8,
	month        = 5,
	year         = {https://doi.org/10.1145/3184558.3191554},
	page         = {1171-1178},
	DOI          = {10.1145/3184558.3191554}   
},

@conference{Third,
	author       = {Allan Third, John Domingue}, 
	title        = {Linked Data Indexing of Distributed Ledgers},
	
	booktitle    = {WWW 17 Companion Proceedings of the 26th International Conference on World Wide Web Companion },
	year         = 2017,
	volume       = 8,
	month        = 5,
	page         = {1431-1436},
	DOI          = {10.1145/3041021.3053895}   
},

@conference{Kemal,
	author       = {Sevinch Ureten1 and Kemal Ilter}, 
	title        = {Supply Chain Management Ontology: Toward an
	Ontology-based SCM model},
    year         = 2007,
    url = {https://www.researchgate.net/publication/267028543}
	month        = 2,
	page         = 11,
	DOI          = {DOI: 10.13140/2.1.2319.6169}   
},
@article{Zdun,
	author  = {Maximilian Wöhrer and Uwe Zdun},  
	title   = {Smart Contracts: Security Patterns in the Ethereum
	Ecosystem and Solidity},
	url = {  https://eprints.cs.univie.ac.at/5433/7/sanerws18iwbosemain-id1-p-380f58e-35576-preprint.pdf.}, 
	volume = 7,
	year   = 2018,
 	
},
@article{Kim,
	author  = {Henry M. Kim and Marek Laskowski},  
	title   = {Towards an Ontology-Driven Blockchain Design for Supply Chain Provenance},
	email = {hmkim@yorku.ca, marlas@yorku.ca}, 
	page = 17,
	year   = 2018,
	
},

@article{John,
	author  = {Third, Allan; Tiddi, Ilaria; Bastianelli, Emanuele; Valentine, Chris and Domingue, John},  
	title   = {Towards the Temporal Streaming of Graph Data on
	Distributed Ledgers},
	url = {http://dx.doi.org/doi:10.1007/978-3-319-70407-441}, 
	volume = 7,
	year   = 2017,
	pages = 327–332
	
},
@article{Florian,
	author  = {Florian Idelberger, Guido Governatori, Regis Riveret, Giovanni Sartor},  
	title   = {Evaluation of Logic-Based Smart Contracts for
	Blockchain Systems},
	url = { https://research.csiro.au/data61/wp-content/uploads/sites/85/2016/08/ruleml16.pdf.}, 
	volume = 15,
	year   = 2016,
	month  = 8 
	
},
@article{Baqa, 
	
	author  = {Hamza Baqa, Nguyen B. Truongy, Noel Crespi, Gyu Myoung Leex, Franck Le Gall},  
	title   = {Semantic Smart Contracts for Blockchain-based
	Services in the Internet of Things},
	url = {http://researchonline.ljmu.ac.uk/id/eprint/11315/}, 
	volume = 5,
	year   = 2019,
	
},
@book{Atzei,
	title = {A Survey of Attacks on Ethereum Smart
	Contracts (SoK)},
	author = {Nicola Atzei, Massimo Bartoletti, and Tiziana Cimoli},
	year = {2017},
	volume = {327},
	DOI = {10.1007/978-3-662-54455-6 8}
	pages={164-184}
},
@book{Sharples,
	title = {Adaptive and
	Adaptable Learning},
	subtitle = {The Blockchain and Kudos: A Distributed System
	for Educational Record, Reputation and Reward},
	author = {Mike Sharples and John Domingue},
	year = {2016},
	DOI = {10.1007/978-3-319-45153-4_48}
	volume = {700},
	pages={491-496}
},
@Masterthesis{Markos, 	
	author  = {Kalimeris Markos},  
	title   = {Indexes for Blockchain Data},
	volume = 102,
	year   = 2019,
	month  = 2
	
},
@Masterthesis{Kevin, 	
	author  = {Kevin Cribäck},  
	title   = {Micro payment, Viable technical platforms and models for a bank
	to provide payments on micro amounts},
	volume = 38,
	year   = 2018,
	month  = 6
	
},

@book{Sajter,
	author  = {Davor Dujak and Domagoj Sajter},  
	title   = {Blockchain Applications in Supply Chain},
	DOI = { https://doi.org/10.1007/978-3-319-91668-2_2}, 
	pages = {21-46},
	year   = 2018,
	month  = 6 
},

@article{Nazmul,
	author  = {Md Nazmul Islam, Vinay Patil, Sandip Kundu},  
	title   = {On IC Traceability via Blockchain},
	email = { {mislam, vcpatil, kundu}@ecs.umass.edu}, 
	pages = {4},
	year   = 2018
},

@article{Angwei,
	author  = {Angwei Law},  
	title   = {Smart Contracts and their Application in
	Supply Chain Management},
	pages = {89},
	year   = 2018,
	month = 9
},
@conference{Adam,
	editor = {Adam Fitria wijaya, Tsai Hsin-hsuan and Jung Taysheng},
	title =  {BC approach SCM in BIM environment},
	booktitle =  {Proceedings of the 24th International Conference of the Association for
	Computer-Aided Architectural Design Research in Asia},
	publisher = {ACM}
	valume= 2,
	pages = {411-420},
	year = {2019}
},

@article{Nina,
	author  = {Joon-Seok Kim and Nina Shin}, 
	title   = {The Impact of Blockchain Technology Application on
	Supply Chain Partnership and Performance},
	email = {ninashin@sejong.ac.kr, jskim@sejong.ac.kr},
	DOI = {10.3390/su11216181},
	pages = {17},
	year   = 2019,
	month = 11
},

@article{Tijan,
	author  = {Edvard Tijan, Sasha Aksentijevic, Katarina Ivanic and Mladen Jardas}, 
	title   = {Blockchain Technology Implementation in Logistics},
	email = {kathrin.nic@hotmail.com, mjardas@pfri.hr},
	pages = {13},
	year   = 2019,
	month = 2
},

@Conference{Wu,
	author  = {Hanqing Wu, Jiannong Cao, Yanni Yang, Cheung Leong Tung, Shan Jiang, Bin Tang,
	Yang Liu, Xiaoqing Wang, Yuming Deng}, 
	title   = {Data Management in Supply Chain Using
	Blockchain: Challenges and A Case Study},
	email = {{cshwu,csjcao,csynyang,cscltung,cssjiang,csbint}@comp.polyu.edu.hk, {lionel.ly, robin.wxq, yuming.dym}@alibaba-inc.com},
	pages = {9},
	url = {https://www.researchgate.net/publication/336096604},
	DOI = {10.1109/ICCCN.2019.8846964},
	year   = 2019,
	month = 7
},

@article{Sarkis,
	author  = {Mahtab Kouhizadeh and Joseph Sarkis}, 
	title   = {Blockchain Practices, Potentials, and Perspectives in Greening Supply Chains},
	email = {jsarkis@wpi.edu},
	pages = {16},
	year   = 2018,
	month = 10
},

@article{Kontantinos,
	author  = {Kontantinos Christidis and MIchael Sevetsikioti}, 
	title   = {Blockchains and Smart Contracts forthe Internet of Things},
	email = {kchrist@ncsu.edu},
	pages = {12},
	year   = 2016,
	month = 10
},

@article{Guo,
	author = {Ye Guo and Chen Liang}, 
	title = {Blockchain application and outlook in the banking industry},
	email = {eyguo@xmu.edu.cn},
	pages = {12},
	year   = 2016,
	DOI = {10.1186/s40854-016-0034}
},

@article{Tonci,
	author = {Tonci Grubic, Ip-Shing Fan}, 
	title = {Supply chain ontology: Review, analysis and synthesis},
	pages = {11},
	year   = 2010,
	month = 6
	DOI = {10.1016/j.compind.2010.05.006}
},

@article{Lin,
	author = {Lin and Harding}, 
	title = {A Manufacturing System Engineering Ontology Model On The Semantic Web For Inter-Enterprise Collaboration},
	pages = 32,
	year = 2007,
	email = {J.A.Harding@lboro.ac.uk}
},

@article{Ye,
	author = {Yan Ye, Dong Yang, Zhibin Jiang, Lixing Tong}, 
	title = {An ontology-based architecture for implementing semantic
	integration of supply chain management},
	DOI = {10.1080/09511920601182225},
	email = {dongyang@sjtu.edu.cn},
	pages = 19,
	year = 2008,
	month = 2
},

@article{Uschold,
	author = {Mike Uschold, Martin King, Stuart Moralee, Yaniss Zorgios}, 
	title = {Enterprise ontology},
	pages = {57},
	year   = 1996,
	month = 3

},

@article{Geerts,
	author = {Guido Geertsa, Daniel Learyb}, 
	title = {The EAGLET ontology for highly visible supply chains},
	pages = {53},
	email = {1geerts@udel.edu},
	year = 2014
},

@article{Madni,
	author = {Azad Madni Weiwen Lin, and Carla  Madni}, 
	title = {IDEON: An Extensible Ontology for Designing, Integrating, and Managing Collaborative Distributed Enterprises},
	pages = {14},
	year   = 2000,
	month = 9
},

@article{Sousa,
	author = {Antono Lucas Soares, Amerco Lopes Azevedo and Jorge Pinho de Sousa}, 
	title = {Distributed planning and control systems for thevirtual enterprise: organizational requirementsand development life-cycle},
	email = {{soares, jsousa, aazevedo, jbastos}@inescn.pt},
	pages = {18},
	year   = 1999,
	month = 4

},
